% This file was created with JabRef 2.8.1.
% Encoding: Cp1252

@BOOK{Jackman2009,
  title = {Bayesian Analysis for the Social Sciences},
  publisher = {Wiley},
  year = {2009},
  author = {Simon Jackman},
  pages = {18-19},
  owner = {dhutchis},
  timestamp = {2012.11.03}
}

@BOOK{Pearl1988,
  title = {Probabilistic Reasoning in Intelligent Systems: Networks of Plausible
	Inference},
  publisher = {Morgan Kaufmann},
  year = {1988},
  author = {Judea Pearl},
  owner = {dhutchis},
  timestamp = {2012.10.29}
}

@ARTICLE{Shafer1990,
  author = {Glenn Shafer},
  title = {Perspectives on the theory and practice of belief functions},
  journal = {International Journal of Approximate Reasoning},
  year = {1990},
  owner = {dhutchis},
  timestamp = {2012.11.07}
}

@BOOK{Shafer1976,
  title = {A Mathematical Theory of Evidence},
  publisher = {Princeton Universiy Press},
  year = {1976},
  author = {Glenn Shafer},
  owner = {dhutchis},
  timestamp = {2012.10.29}
}

